<collection xmlns="http://www.loc.gov/MARC21/slim">
<record>
  <leader>02653nam0a2200481 i 450 </leader>
  <controlfield tag="001">IT\ICCU\CNCE\033543</controlfield>
  <controlfield tag="005">20071214000000.0</controlfield>
  <datafield tag="012" ind1=" " ind2=" ">
    <subfield code="a">des. ode. naro ppre (3) 1552 (R)</subfield>
    <subfield code="2">fei</subfield>
  </datafield>
  <datafield tag="100" ind1=" " ind2=" ">
    <subfield code="a">19971219d1552        0itac0103    ba</subfield>
  </datafield>
  <datafield tag="101" ind1=" " ind2=" ">
    <subfield code="a">LAT</subfield>
  </datafield>
  <datafield tag="102" ind1=" " ind2=" ">
    <subfield code="a">IT</subfield>
  </datafield>
  <datafield tag="200" ind1="1" ind2=" ">
    <subfield code="a">Augustinus Suessanus Super Posteriora Aristotelis. Eutychi Augustini Niphi Medices Suessani philosophi nostro ŭo pene diuini In libros Posteriorum Aristo. commentaria. Quibus accesserunt ea indicis fragmenta, quibus hanc nostram Gallica impressio prc̆elluerat</subfield>
  </datafield>
  <datafield tag="210" ind1=" " ind2=" ">
    <subfield code="a">Venetijs</subfield>
    <subfield code="c">apud Octauianum Scotum d. Ama Dei \!!</subfield>
    <subfield code="d">1552</subfield>
    <subfield code="e">\Venezia</subfield>
    <subfield code="g">Ottaviano Scoto</subfield>
    <subfield code="h">2.!</subfield>
  </datafield>
  <datafield tag="215" ind1=" " ind2=" ">
    <subfield code="a">\4!, 84 c.</subfield>
    <subfield code="d">fol</subfield>
  </datafield>
  <datafield tag="300" ind1=" " ind2=" ">
    <subfield code="a">Con il testo di Aristotele in latino</subfield>
  </datafield>
  <datafield tag="620" ind1=" " ind2=" ">
    <subfield code="a">IT</subfield>
    <subfield code="d">Venezia</subfield>
  </datafield>
  <datafield tag="700" ind1=" " ind2="1">
    <subfield code="a">Nifo,</subfield>
    <subfield code="b">Agostino</subfield>
    <subfield code="3">IT\ICCU\CNCA\000274</subfield>
  </datafield>
  <datafield tag="702" ind1=" " ind2="0">
    <subfield code="a">Aristoteles</subfield>
    <subfield code="3">IT\ICCU\CNCA\000006</subfield>
  </datafield>
  <datafield tag="712" ind1="0" ind2="0">
    <subfield code="a">Scoto, Ottaviano</subfield>
    <subfield code="c"> &lt;2.&gt;</subfield>
    <subfield code="3">IT\ICCU\CNCT\000258</subfield>
    <subfield code="4">650</subfield>
  </datafield>
  <datafield tag="790" ind1=" " ind2="0">
    <subfield code="a">Agostino</subfield>
    <subfield code="c"> : da#Sessa</subfield>
    <subfield code="3">IT\ICCU\CNCA\012356</subfield>
    <subfield code="z">Nifo, Agostino</subfield>
  </datafield>
  <datafield tag="790" ind1=" " ind2="1">
    <subfield code="a">Niphus,</subfield>
    <subfield code="b">Eutychius Augustinus</subfield>
    <subfield code="3">IT\ICCU\CNCA\017355</subfield>
    <subfield code="z">Nifo, Agostino</subfield>
  </datafield>
  <datafield tag="790" ind1=" " ind2="1">
    <subfield code="a">Niphus,</subfield>
    <subfield code="b">Augustinus</subfield>
    <subfield code="3">IT\ICCU\CNCA\021679</subfield>
    <subfield code="z">Nifo, Agostino</subfield>
  </datafield>
  <datafield tag="790" ind1=" " ind2="1">
    <subfield code="a">Niphus,</subfield>
    <subfield code="b">Augustinus : Suesanus</subfield>
    <subfield code="3">IT\ICCU\CNCA\022085</subfield>
    <subfield code="z">Nifo, Agostino</subfield>
  </datafield>
  <datafield tag="790" ind1=" " ind2="0">
    <subfield code="a">Aristotele</subfield>
    <subfield code="3">IT\ICCU\CNCA\018928</subfield>
    <subfield code="z">Aristoteles</subfield>
  </datafield>
  <datafield tag="791" ind1="0" ind2="0">
    <subfield code="a">Scoto, Ottaviano Amadei</subfield>
    <subfield code="3">IT\ICCU\CNCT\002829</subfield>
    <subfield code="z">Scoto, Ottaviano &lt;2.&gt;</subfield>
  </datafield>
  <datafield tag="791" ind1="0" ind2="0">
    <subfield code="a">Scotus, Octavianus Amadei</subfield>
    <subfield code="3">IT\ICCU\CNCT\005638</subfield>
    <subfield code="z">Scoto, Ottaviano &lt;2.&gt;</subfield>
  </datafield>
  <datafield tag="791" ind1="0" ind2="0">
    <subfield code="a">Scotti, Ottaviano</subfield>
    <subfield code="c"> &lt;2.&gt;</subfield>
    <subfield code="3">IT\ICCU\CNCT\005639</subfield>
    <subfield code="z">Scoto, Ottaviano &lt;2.&gt;</subfield>
  </datafield>
  <datafield tag="801" ind1=" " ind2="3">
    <subfield code="a">IT</subfield>
    <subfield code="b">ICCU</subfield>
    <subfield code="c">20201114</subfield>
  </datafield>
  <datafield tag="899" ind1=" " ind2=" ">
    <subfield code="a">Biblioteca statale. Cremona</subfield>
    <subfield code="1">CR0062</subfield>
    <subfield code="2">LO1 28</subfield>
  </datafield>
  <datafield tag="899" ind1=" " ind2=" ">
    <subfield code="a">Biblioteca comunale Ariostea. Ferrara</subfield>
    <subfield code="1">FE0017</subfield>
    <subfield code="2">UFE AR</subfield>
  </datafield>
  <datafield tag="899" ind1=" " ind2=" ">
    <subfield code="a">Biblioteca nazionale centrale. Firenze</subfield>
    <subfield code="1">FI0098</subfield>
    <subfield code="2">CFI CF</subfield>
  </datafield>
  <datafield tag="899" ind1=" " ind2=" ">
    <subfield code="a">Biblioteca universitaria. Genova</subfield>
    <subfield code="1">GE0038</subfield>
    <subfield code="2">LIG 01</subfield>
  </datafield>
  <datafield tag="899" ind1=" " ind2=" ">
    <subfield code="a">Biblioteca del Settore musei del Comune di Genova. Genova</subfield>
    <subfield code="1">GE0058</subfield>
    <subfield code="2">SGE BS</subfield>
  </datafield>
  <datafield tag="899" ind1=" " ind2=" ">
    <subfield code="a">Biblioteca comunale Teresiana. Mantova</subfield>
    <subfield code="1">MN0035</subfield>
    <subfield code="2">LO1 12</subfield>
  </datafield>
  <datafield tag="899" ind1=" " ind2=" ">
    <subfield code="a">Biblioteca nazionale Vittorio Emanuele III. Napoli</subfield>
    <subfield code="1">NA0079</subfield>
    <subfield code="2">NAP BN</subfield>
  </datafield>
  <datafield tag="899" ind1=" " ind2=" ">
    <subfield code="a">Biblioteca Porziuncola. Assisi</subfield>
    <subfield code="1">PG0179</subfield>
    <subfield code="2">UM1 36</subfield>
  </datafield>
  <datafield tag="899" ind1=" " ind2=" ">
    <subfield code="a">Biblioteca Palatina. Parma</subfield>
    <subfield code="1">PR0072</subfield>
    <subfield code="2">PAR PA</subfield>
  </datafield>
  <datafield tag="899" ind1=" " ind2=" ">
    <subfield code="a">Biblioteca nazionale centrale. Roma</subfield>
    <subfield code="1">RM0267</subfield>
    <subfield code="2">BVE CR</subfield>
  </datafield>
  <datafield tag="899" ind1=" " ind2=" ">
    <subfield code="a">Biblioteca del Pontificio Ateneo Antonianum. Roma</subfield>
    <subfield code="1">RM0692</subfield>
    <subfield code="2">ZRM 44</subfield>
  </datafield>
  <datafield tag="899" ind1=" " ind2=" ">
    <subfield code="a">Biblioteca civica Gambalunghiana. Rimini</subfield>
    <subfield code="1">RN0013</subfield>
    <subfield code="2">RAV RI</subfield>
  </datafield>
  <datafield tag="899" ind1=" " ind2=" ">
    <subfield code="a">Biblioteca comunale. Terni</subfield>
    <subfield code="1">TR0032</subfield>
    <subfield code="2">UM1 09</subfield>
  </datafield>
  <datafield tag="911" ind1=" " ind2=" ">
    <subfield code="a">in fine</subfield>
    <subfield code="9">IT\ICCU\CNCM\000435</subfield>
  </datafield>
  <datafield tag="921" ind1=" " ind2=" ">
    <subfield code="a">IT\ICCU\CNCM\000435</subfield>
    <subfield code="b">Croce doppia su cuore con iniziali B.O.S.</subfield>
    <subfield code="c">K287</subfield>
    <subfield code="c">Z485</subfield>
    <subfield code="d">Dimensioni: 6,5 x 8</subfield>
    <subfield code="f">BOS</subfield>
    <subfield code="f">CROCE</subfield>
    <subfield code="g">1539-1552</subfield>
  </datafield>
</record>
</collection>
